@article{bianchi2017transmembrane,
  title={transmembrane Helices are an overlooked source of Major Histocompatibility Complex Class i epitopes},
  author={Bianchi, Frans and Textor, Johannes and van den Bogaart, Geert},
  journal={Frontiers in immunology},
  volume={8},
  pages={1118},
  year={2017},
  publisher={Frontiers}
}
