@article{adachi1996model,
  title={Model of amino acid substitution in proteins encoded by mitochondrial DNA},
  author={Adachi, Jun and Hasegawa, Masami},
  journal={Journal of molecular evolution},
  volume={42},
  number={4},
  pages={459--468},
  year={1996},
  publisher={Springer}
}

@article{adachi2000plastid,
  title={Plastid genome phylogeny and a model of amino acid substitution for proteins encoded by chloroplast DNA},
  author={Adachi, Jun and Waddell, Peter J and Martin, William and Hasegawa, Masami},
  journal={Journal of molecular evolution},
  volume={50},
  number={4},
  pages={348--358},
  year={2000},
  publisher={Springer}
}

@article{ahram2006estimation,
  title={Estimation of membrane proteins in the human proteome},
  author={Ahram, Mamoun and Litou, Zoi I and Fang, Ruihua and Al-Tawallbeh, Ghaith},
  journal={In silico biology},
  volume={6},
  number={5},
  pages={379--386},
  year={2006},
  publisher={IOS Press}
}

@article{akram2012immunodominance,
  title={Immunodominance: a pivotal principle in host response to viral infections},
  author={Akram, Ali and Inman, Robert D},
  journal={Clinical immunology},
  volume={143},
  number={2},
  pages={99--115},
  year={2012},
  publisher={Elsevier}
}

@article{anisimova2009investigating,
  title={Investigating protein-coding sequence evolution with probabilistic codon substitution models},
  author={Anisimova, Maria and Kosiol, Carolin},
  journal={Molecular biology and evolution},
  volume={26},
  number={2},
  pages={255--271},
  year={2009},
  publisher={Oxford University Press}
}

@article{arai2004conpred,
  title={{ConPred II}: a consensus prediction method for obtaining transmembrane topology models with high reliability},
  author={Arai, Masafumi and Mitsuke, Hironori and Ikeda, Masami and Xia, Jun-Xiong and Kikuchi, Takashi and Satake, Masanobu and Shimizu, Toshio},
  journal={Nucleic acids research},
  volume={32},
  number={suppl\_2},
  pages={W390--W393},
  year={2004},
  publisher={Oxford University Press}
}

@article{arlehamn2016quantitative,
  title={A quantitative analysis of complexity of human pathogen-specific CD4 T cell responses in healthy M. tuberculosis infected South Africans},
  author={Arlehamn, Cecilia S Lindestam and McKinney, Denise M and Carpenter, Chelsea and Paul, Sinu and Rozot, Virginie and Makgotlho, Edward and Gregg, Yolande and Van Rooyen, Michele and Ernst, Joel D and Hatherill, Mark and others},
  journal={PLoS pathogens},
  volume={12},
  number={7},
  year={2016},
  publisher={Public Library of Science}
}

@article{aziz2008rast,
  title={The {RAST Server}: rapid annotations using subsystems technology},
  author={Aziz, Ramy K and Bartels, Daniela and Best, Aaron A and DeJongh, Matthew and Disz, Terrence and Edwards, Robert A and Formsma, Kevin and Gerdes, Svetlana and Glass, Elizabeth M and Kubal, Michael and others},
  journal={BMC genomics},
  volume={9},
  number={1},
  pages={75},
  year={2008},
  publisher={Springer}
}

@article{bar2020sars,
  title={{SARS-CoV-2 (COVID-19)} by the numbers},
  author={Bar-On, Yinon M and Flamholz, Avi I and Phillips, Rob and Milo, Ron},
  journal={arXiv preprint arXiv:2003.12886},
  year={2020}
}

@Misc{bbbq,
  Author = {Bilderbeek, Richèl J C},
  Title  = "\title{bbbq}",
  Note   = "\url{https://github.com/richelbilderbeek/bbbq}
           [Accessed: 2020-09-02]",
  year = 2020,
}

@article{bergseng2015different,
  title={Different binding motifs of the celiac disease-associated HLA molecules {DQ2.5}, {DQ2.2}, and {DQ7.5} revealed by relative quantitative proteomics of endogenous peptide repertoires},
  author={Bergseng, Elin and D{\o}rum, Siri and Arntzen, Magnus {\O} and Nielsen, Morten and Nyg{\aa}rd, St{\aa}le and Buus, S{\o}ren and de Souza, Gustavo A and Sollid, Ludvig M},
  journal={Immunogenetics},
  volume={67},
  number={2},
  pages={73--84},
  year={2015},
  publisher={Springer}
}

@article{berkhoff2004mutation,
  title={A mutation in the {HLA-B* 2705-restricted NP383-391} epitope affects the human influenza {A} virus-specific cytotoxic {T-lymphocyte} response in vitro},
  author={Berkhoff, EGM and Boon, ACM and Nieuwkoop, NJ and Fouchier, RAM and Sintnicolaas, Krijn and Osterhaus, ADME and Rimmelzwaan, GF},
  journal={Journal of Virology},
  volume={78},
  number={10},
  pages={5216--5222},
  year={2004},
  publisher={Am Soc Microbiol}
}

@article{besemer2001genemarks,
  title={{GeneMarkS}: a self-training method for prediction of gene starts in microbial genomes. Implications for finding sequence motifs in regulatory regions},
  author={Besemer, John and Lomsadze, Alexandre and Borodovsky, Mark},
  journal={Nucleic acids research},
  volume={29},
  number={12},
  pages={2607--2618},
  year={2001},
  publisher={Oxford University Press}
}

@article{blees2017structure,
  title={Structure of the human MHC-I peptide-loading complex},
  author={Blees, Andreas and Januliene, Dovile and Hofmann, Tommy and Koller, Nicole and Schmidt, Carla and Trowitzsch, Simon and Moeller, Arne and Tamp{\'e}, Robert},
  journal={Nature},
  volume={551},
  number={7681},
  pages={525--528},
  year={2017},
  publisher={Nature Publishing Group}
}

@article{bodenhofer2015msa,
  title={msa: an {R} package for multiple sequence alignment},
  author={Bodenhofer, Ulrich and Bonatesta, Enrico and Horej{\v{s}}-Kainrath, Christoph and Hochreiter, Sepp},
  journal={Bioinformatics},
  volume={31},
  number={24},
  pages={3997--3999},
  year={2015},
  publisher={Oxford University Press}
}

@article{bouckaert2014beast,
  title={BEAST 2: a software platform for Bayesian evolutionary analysis},
  author={Bouckaert, Remco and Heled, Joseph and K{\"u}hnert, Denise and Vaughan, Tim and Wu, Chieh-Hsi and Xie, Dong and Suchard, Marc A and Rambaut, Andrew and Drummond, Alexei J},
  journal={PLoS Comput Biol},
  volume={10},
  number={4},
  pages={e1003537},
  year={2014}
}

@article{bougneres2009role,
  title={A role for lipid bodies in the cross-presentation of phagocytosed antigens by MHC class I in dendritic cells},
  author={Bougn{\`e}res, Laurence and Helft, Julie and Tiwari, Sangeeta and Vargas, Pablo and Chang, Benny Hung-Junn and Chan, Lawrence and Campisi, Laura and Lauvau, Gregoire and Hugues, Stephanie and Kumar, Pradeep and others},
  journal={Immunity},
  volume={31},
  number={2},
  pages={232--244},
  year={2009},
  publisher={Elsevier}
}

@article{bilderbeek2018babette,
  title={babette: BEAUti 2, BEAST 2 and Tracer for R},
  author={Bilderbeek, Richèl JC and Etienne, Rampal S},
  journal={Methods in Ecology and Evolution},
  volume={9},
  number={9},
  pages={2034--2040},
  year={2018},
  publisher={Wiley Online Library}
}

@article{bianchi2017,
  title={Transmembrane Helices are an overlooked source of {Major Histocompatibility Complex Class I} epitopes},
  author={Bianchi, Frans and Textor, Johannes and van den Bogaart, Geert},
  journal={Frontiers in immunology},
  volume={8},
  pages={1118},
  year={2017},
  publisher={Frontiers}
}

@article{brown2015gene,
  title={{Gene}: a gene-centered information resource at {NCBI}},
  author={Brown, Garth R and Hem, Vichet and Katz, Kenneth S and Ovetsky, Michael and Wallin, Craig and Ermolaeva, Olga and Tolstoy, Igor and Tatusova, Tatiana and Pruitt, Kim D and Maglott, Donna R and others},
  journal={Nucleic acids research},
  volume={43},
  number={D1},
  pages={D36--D42},
  year={2015},
  publisher={Oxford University Press}
}

@article{bullock1996ribosomal,
  title={Ribosomal scanning past the primary initiation codon as a mechanism for expression of CTL epitopes encoded in alternative reading frames.},
  author={Bullock, TN and Eisenlohr, Laurence C},
  journal={The Journal of experimental medicine},
  volume={184},
  number={4},
  pages={1319--1329},
  year={1996}
}

@article{carlson2003additional,
  title={Additional SNPs and linkage-disequilibrium analyses are necessary for whole-genome association studies in humans},
  author={Carlson, Christopher S and Eberle, Michael A and Rieder, Mark J and Smith, Joshua D and Kruglyak, Leonid and Nickerson, Deborah A},
  journal={Nature genetics},
  volume={33},
  number={4},
  pages={518--521},
  year={2003},
  publisher={Nature Publishing Group}
}

@article{chapiro2006destructive,
  title={Destructive cleavage of antigenic peptides either by the immunoproteasome or by the standard proteasome results in differential antigen presentation},
  author={Chapiro, Jacques and Claverol, St{\'e}phane and Piette, Fanny and Ma, Wenbin and Stroobant, Vincent and Guillaume, Beno{\^\i}t and Gairin, Jean-Edouard and Morel, Sandra and Burlet-Schiltz, Odile and Monsarrat, Bernard and others},
  journal={The Journal of Immunology},
  volume={176},
  number={2},
  pages={1053--1061},
  year={2006},
  publisher={Am Assoc Immnol}
}

@article{cutler2001high,
  title={High-throughput variation detection and genotyping using microarrays},
  author={Cutler, David J and Zwick, Michael E and Carrasquillo, Minerva M and Yohn, Christopher T and Tobin, Katherine P and Kashuk, Carl and Mathews, Debra J and Shah, Nila A and Eichler, Evan E and Warrington, Janet A and others},
  journal={Genome research},
  volume={11},
  number={11},
  pages={1913--1925},
  year={2001},
  publisher={Cold Spring Harbor Lab}
}

@article{dang2010flu,
  title={{FLU}, an amino acid substitution model for influenza proteins},
  author={Dang, Cuong Cao and Le, Quang Si and Gascuel, Olivier and Le, Vinh Sy},
  journal={BMC evolutionary biology},
  volume={10},
  number={1},
  pages={99},
  year={2010},
  publisher={Springer}
}

@incollection{dayhoff197822,
  title={22 a model of evolutionary change in proteins},
  author={Dayhoff, M and Schwartz, R and Orcutt, B},
  booktitle={Atlas of protein sequence and structure},
  volume={5},
  pages={345--352},
  year={1978},
  publisher={National Biomedical Research Foundation Silver Spring MD}
}

@article{delcher1999improved,
  title={Improved microbial gene identification with {GLIMMER}},
  author={Delcher, Arthur L and Harmon, Douglas and Kasif, Simon and White, Owen and Salzberg, Steven L},
  journal={Nucleic acids research},
  volume={27},
  number={23},
  pages={4636--4641},
  year={1999},
  publisher={Oxford University Press}
}

@article{delong2016pathogenic,
  title={Pathogenic {CD4} T cells in type 1 diabetes recognize epitopes formed by peptide fusion},
  author={Delong, Thomas and Wiles, Timothy A and Baker, Rocky L and Bradley, Brenda and Barbour, Gene and Reisdorph, Richard and Armstrong, Michael and Powell, Roger L and Reisdorph, Nichole and Kumar, Nitesh and others},
  journal={Science},
  volume={351},
  number={6274},
  pages={711--714},
  year={2016},
  publisher={American Association for the Advancement of Science}
}

@article{dingjan2016lipid,
  title={Lipid peroxidation causes endosomal antigen release for cross-presentation},
  author={Dingjan, Ilse and Verboogen, Dani{\"e}lle RJ and Paardekooper, Laurent M and Revelo, Natalia H and Sittig, Simone P and Visser, Linda J and Von Mollard, Gabriele Fischer and Henriet, Stefanie SV and Figdor, Carl G and Ter Beest, Martin and others},
  journal={Scientific reports},
  volume={6},
  number={1},
  pages={1--12},
  year={2016},
  publisher={Nature Publishing Group}
}

@article{diz2012proteomics,
  title={Proteomics in evolutionary ecology: linking the genotype with the phenotype},
  author={Diz, Angel P and Mart{\'i}nez-fern{\'a}ndez, M{\'o}nica and Rol{\'a}n-alvarez, Emilio},
  journal={Molecular ecology},
  volume={21},
  number={5},
  pages={1060--1080},
  year={2012},
  publisher={Wiley Online Library}
}

@article{eccleston2017host,
  title={Host genotype and time dependent antigen presentation of viral peptides: predictions from theory},
  author={Eccleston, R Charlotte and Coveney, Peter V and Dalchau, Neil},
  journal={Scientific reports},
  volume={7},
  number={1},
  pages={1--20},
  year={2017},
  publisher={Nature Publishing Group}
}

@Misc{epiprepreds,
  Author = {Bilderbeek, Richèl J C},
  Title  = "\title{epiprepreds}",
  Note   = "\url{https://github.com/richelbilderbeek/epiprepreds}
           [Accessed: 2020-09-02]",
  year = 2020,
}

@article{feng2020topology,
  title={Topology Prediction Improvement of $\alpha$-helical Transmembrane Proteins Through Helix-tail Modeling and Multiscale Deep Learning Fusion},
  author={Feng, Shi-Hao and Zhang, Wei-Xun and Yang, Jing and Yang, Yang and Shen, Hong-Bin},
  journal={Journal of Molecular Biology},
  volume={432},
  number={4},
  pages={1279--1296},
  year={2020},
  publisher={Elsevier}
}

@article{fujimoto2006proteasomal,
  title={The proteasomal and autophagic pathways converge on lipid droplets},
  author={Fujimoto, Toyoshi and Ohsaki, Yuki},
  journal={Autophagy},
  volume={2},
  number={4},
  pages={299--301},
  year={2006},
  publisher={Taylor \& Francis}
}
@article{gabriel2002structure,
  title={The structure of haplotype blocks in the human genome},
  author={Gabriel, Stacey B and Schaffner, Stephen F and Nguyen, Huy and Moore, Jamie M and Roy, Jessica and Blumenstiel, Brendan and Higgins, John and DeFelice, Matthew and Lochner, Amy and Faggart, Maura and others},
  journal={Science},
  volume={296},
  number={5576},
  pages={2225--2229},
  year={2002},
  publisher={American Association for the Advancement of Science}
}

@article{gilleron2016lysosomal,
  title={Lysosomal lipases PLRP2 and LPLA2 process mycobacterial multi-acylated lipids and generate T cell stimulatory antigens},
  author={Gilleron, Martine and Lepore, Marco and Layre, Emilie and Cala-De Paepe, Diane and Mebarek, Naila and Shayman, James A and Canaan, St{\'e}phane and Mori, Lucia and Carri{\`e}re, Fr{\'e}d{\'e}ric and Puzo, Germain and others},
  journal={Cell chemical biology},
  volume={23},
  number={9},
  pages={1147--1156},
  year={2016},
  publisher={Elsevier}
}

@article{gutierrez2015cross,
  title={Cross-presentation of cell-associated antigens by MHC class I in dendritic cell subsets},
  author={Guti{\'e}rrez-Mart{\'\i}nez, Enric and Plan{\`e}s, Remi and Anselmi, Giorgio and Reynolds, Matthew and Menezes, Shinelle and Adiko, Aim{\'e} C{\'e}zaire and Saveanu, Loredana and Guermonprez, Pierre},
  journal={Frontiers in immunology},
  volume={6},
  pages={363},
  year={2015},
  publisher={Frontiers}
}

@article{greenbaum2011functional,
  title={Functional classification of class {II} human leukocyte antigen {(HLA)} molecules reveals seven different supertypes and a surprising degree of repertoire sharing across supertypes},
  author={Greenbaum, Jason and Sidney, John and Chung, Jolan and Brander, Christian and Peters, Bjoern and Sette, Alessandro},
  journal={Immunogenetics},
  volume={63},
  number={6},
  pages={325--335},
  year={2011},
  publisher={Springer}
}

@article{gruenberg2020life,
  title={Life in the lumen: the multivesicular endosome},
  author={Gruenberg, Jean},
  journal={Traffic},
  volume={21},
  number={1},
  pages={76--93},
  year={2020},
  publisher={Wiley Online Library}
}

@article{hadfield2018nextstrain,
  title={Nextstrain: real-time tracking of pathogen evolution},
  author={Hadfield, James and Megill, Colin and Bell, Sidney M and Huddleston, John and Potter, Barney and Callender, Charlton and Sagulenko, Pavel and Bedford, Trevor and Neher, Richard A},
  journal={Bioinformatics},
  volume={34},
  number={23},
  pages={4121--4123},
  year={2018},
  publisher={Oxford University Press}
}

@article{han2019individual,
  title={Individual immune selection pressure has limited impact on seasonal influenza virus evolution},
  author={Han, Alvin X and Maurer-Stroh, Sebastian and Russell, Colin A},
  journal={Nature ecology \& evolution},
  volume={3},
  number={2},
  pages={302--311},
  year={2019},
  publisher={Nature Publishing Group}
}

@article{henikoff1992amino,
  title={Amino acid substitution matrices from protein blocks},
  author={Henikoff, Steven and Henikoff, Jorja G},
  journal={Proceedings of the National Academy of Sciences},
  volume={89},
  number={22},
  pages={10915--10919},
  year={1992},
  publisher={National Acad Sciences}
}

@article{hessa2007molecular,
  title={Molecular code for transmembrane-helix recognition by the Sec61 translocon},
  author={Hessa, Tara and Meindl-Beinker, Nadja M and Bernsel, Andreas and Kim, Hyun and Sato, Yoko and Lerch-Bader, Mirjam and Nilsson, IngMarie and White, Stephen H and Von Heijne, Gunnar},
  journal={Nature},
  volume={450},
  number={7172},
  pages={1026--1030},
  year={2007},
  publisher={Nature Publishing Group}
}

@article{himmelstein2018sci,
  title={{Sci-Hub} provides access to nearly all scholarly literature},
  author={Himmelstein, Daniel S and Romero, Ariel Rodriguez and Levernier, Jacob G and Munro, Thomas Anthony and McLaughlin, Stephen Reid and Tzovaras, Bastian Greshake and Greene, Casey S},
  journal={ELife},
  volume={7},
  pages={e32822},
  year={2018},
  publisher={eLife Sciences Publications Limited}
}

@article{hunt2009silent,
  title={Silent (synonymous) {SNPs}: should we care about them?},
  author={Hunt, Ryan and Sauna, Zuben E and Ambudkar, Suresh V and Gottesman, Michael M and Kimchi-Sarfaty, Chava},
  journal={Single nucleotide polymorphisms},
  pages={23--39},
  year={2009},
  publisher={Springer}
}

@article{hotta2006delivery,
  title={The delivery of an antigen from the endocytic compartment into the cytosol for cross-presentation is restricted to early immature dendritic cells},
  author={Hotta, Chie and Fujimaki, Haruka and Yoshinari, Masahiro and Nakazawa, Masatoshi and Minami, Mutsuhiko},
  journal={Immunology},
  volume={117},
  number={1},
  pages={97--107},
  year={2006},
  publisher={Wiley Online Library}
}

@article{hyatt2012gene,
  title={Gene and translation initiation site prediction in metagenomic sequences},
  author={Hyatt, Doug and LoCascio, Philip F and Hauser, Loren J and Uberbacher, Edward C},
  journal={Bioinformatics},
  volume={28},
  number={17},
  pages={2223--2230},
  year={2012},
  publisher={Oxford University Press}
}

@Misc{iedbr,
  Author = {Bilderbeek, Richèl J C},
  Title  = "\title{iedbr}",
  Note   = "\url{https://github.com/richelbilderbeek/iedbr}
           [Accessed: 2021-11-09]",
  year = 2021,
}

@article{istrail2004comparative,
  title={Comparative immunopeptidomics of humans and their pathogens},
  author={Istrail, Sorin and Florea, Liliana and Halld{\'o}rsson, Bjarni V and Kohlbacher, Oliver and Schwartz, Russell S and Yap, Von Bing and Yewdell, Jonathan W and Hoffman, Stephen L},
  journal={Proceedings of the National Academy of Sciences},
  volume={101},
  number={36},
  pages={13268--13272},
  year={2004},
  publisher={National Acad Sciences}
}

@article{jensen2018improved,
  title={Improved methods for predicting peptide binding affinity to {MHC} class {II} molecules},
  author={Jensen, Kamilla Kj{\ae}rgaard and Andreatta, Massimo and Marcatili, Paolo and Buus, S{\o}ren and Greenbaum, Jason A and Yan, Zhen and Sette, Alessandro and Peters, Bjoern and Nielsen, Morten},
  journal={Immunology},
  volume={154},
  number={3},
  pages={394--406},
  year={2018},
  publisher={Wiley Online Library}
}

@article{jones1992rapid,
  title={The rapid generation of mutation data matrices from protein sequences},
  author={Jones, David T and Taylor, William R and Thornton, Janet M},
  journal={Bioinformatics},
  volume={8},
  number={3},
  pages={275--282},
  year={1992},
  publisher={Oxford University Press}
}

@article{jones1994model,
  title={A model recognition approach to the prediction of all-helical membrane protein structure and topology},
  author={Jones, DT and Taylor, WR and Thornton, JM},
  journal={Biochemistry},
  volume={33},
  number={10},
  pages={3038--3049},
  year={1994},
  publisher={ACS Publications}
}

@article{jones2007improving,
  title={Improving the accuracy of transmembrane protein topology prediction using evolutionary information},
  author={Jones, David T},
  journal={Bioinformatics},
  volume={23},
  number={5},
  pages={538--544},
  year={2007},
  publisher={Oxford University Press}
}

@article{kall2004combined,
  title={A combined transmembrane topology and signal peptide prediction method},
  author={K{\"a}ll, Lukas and Krogh, Anders and Sonnhammer, Erik LL},
  journal={Journal of molecular biology},
  volume={338},
  number={5},
  pages={1027--1036},
  year={2004},
  publisher={Elsevier}
}

@article{karosiene2012netmhccons,
  title={{NetMHCcons}: a consensus method for the major histocompatibility complex class {I} predictions},
  author={Karosiene, Edita and Lundegaard, Claus and Lund, Ole and Nielsen, Morten},
  journal={Immunogenetics},
  volume={64},
  number={3},
  pages={177--186},
  year={2012},
  publisher={Springer}
}

@article{karosiene2013netmhciipan,
  title={{NetMHCIIpan-3.0}, a common pan-specific {MHC} class {II} prediction method including all three human {MHC} class {II} isotypes, {HLA-DR}, {HLA-DP} and {HLA-DQ}},
  author={Karosiene, Edita and Rasmussen, Michael and Blicher, Thomas and Lund, Ole and Buus, S{\o}ren and Nielsen, Morten},
  journal={Immunogenetics},
  volume={65},
  number={10},
  pages={711--724},
  year={2013},
  publisher={Springer}
}

@article{kim2009derivation,
  title={Derivation of an amino acid similarity matrix for peptide: {MHC} binding and its application as a {Bayesian} prior},
  author={Kim, Yohan and Sidney, John and Pinilla, Clemencia and Sette, Alessandro and Peters, Bjoern},
  journal={BMC bioinformatics},
  volume={10},
  number={1},
  pages={394},
  year={2009},
  publisher={Springer}
}

@article{klammer2009metatm,
  title={{MetaTM}-a consensus method for transmembrane protein topology prediction},
  author={Klammer, Martin and Messina, David N and Schmitt, Thomas and Sonnhammer, Erik LL},
  journal={BMC bioinformatics},
  volume={10},
  number={1},
  pages={314},
  year={2009},
  publisher={Springer}
}

@article{kleijmeer2001reorganization,
  title={Reorganization of multivesicular bodies regulates MHC class II antigen presentation by dendritic cells},
  author={Kleijmeer, Monique and Ramm, Georg and Schuurhuis, Danita and Griffith, Janice and Rescigno, Maria and Ricciardi-Castagnoli, Paola and Rudensky, Alexander Y and Ossendorp, Ferry and Melief, Cornelis JM and Stoorvogel, Willem and others},
  journal={The Journal of cell biology},
  volume={155},
  number={1},
  pages={53--64},
  year={2001},
  publisher={Rockefeller University Press}
}

@article{krogh2001predicting,
  title={Predicting transmembrane protein topology with a hidden {Markov} model: application to complete genomes},
  author={Krogh, Anders and Larsson, Björn and Von Heijne, Gunnar and Sonnhammer, Erik LL},
  journal={Journal of molecular biology},
  volume={305},
  number={3},
  pages={567--580},
  year={2001},
  publisher={Elsevier}
}

@article{lautscham2001processing,
  title={Processing of a multiple membrane spanning Epstein-Barr virus protein for CD8+ T cell recognition reveals a proteasome-dependent, transporter associated with antigen processing--independent pathway},
  author={Lautscham, Georg and Mayrhofer, Sabine and Taylor, Graham and Haigh, Tracey and Leese, Alison and Rickinson, Alan and Blake, Neil},
  journal={The Journal of experimental medicine},
  volume={194},
  number={8},
  pages={1053--1068},
  year={2001},
  publisher={The Rockefeller University Press}
}

@article{larsen2010identification,
  title={Identification of {CD8+} {T} cell epitopes in the {West} {Nile} virus polyprotein by reverse-immunology using {NetCTL}},
  author={Larsen, Mette Voldby and Lelic, Alina and Parsons, Robin and Nielsen, Morten and Hoof, Ilka and Lamberth, Kasper and Loeb, Mark B and Buus, S{\o}ren and Bramson, Jonathan and Lund, Ole},
  journal={PloS one},
  volume={5},
  number={9},
  pages={1-11},
  year={2010},
  publisher={Public Library of Science}
}

@article{lennon2002analysis,
  title={Analysis of protease activity in live antigen-presenting cells shows regulation of the phagosomal proteolytic contents during dendritic cell activation},
  author={Lennon-Dum{\'e}nil, Ana-Maria and Bakker, Arnold H and Maehr, Ren{\'e} and Fiebiger, Edda and Overkleeft, Herman S and Rosemblatt, Mario and Ploegh, Hidde L and Lagaudri{\`e}re-Gesbert, C{\'e}cile},
  journal={The Journal of experimental medicine},
  volume={196},
  number={4},
  pages={529--540},
  year={2002},
  publisher={Rockefeller University Press}
}

@article{lund2004definition,
  title={Definition of supertypes for {HLA} molecules using clustering of specificity matrices},
  author={Lund, Ole and Nielsen, Morten and Kesmir, Can and Petersen, Anders Gorm and Lundegaard, Claus and Worning, Peder and Sylvester-Hvid, Christina and Lamberth, Kasper and R{\o}der, Gustav and Justesen, Sune and others},
  journal={Immunogenetics},
  volume={55},
  number={12},
  pages={797--810},
  year={2004},
  publisher={Springer}
}

@article{lundegaard2011prediction,
  title={Prediction of epitopes using neural network based methods},
  author={Lundegaard, Claus and Lund, Ole and Nielsen, Morten},
  journal={Journal of immunological methods},
  volume={374},
  number={1-2},
  pages={26--34},
  year={2011},
  publisher={Elsevier}
}

@article{marsh2010nomenclature,
  title={Nomenclature for factors of the {HLA} system, 2010},
  author={Marsh, Steven GE and Albert, ED and Bodmer, WF and Bontrop, RE and Dupont, B and Erlich, HA and Fern{\'a}ndez-Vi{\~n}a, M and Geraghty, DE and Holdsworth, R and Hurley, CK and others},
  journal={Tissue antigens},
  volume={75},
  number={4},
  pages={291},
  year={2010},
  publisher={Wiley-Blackwell}
}

@article{maturana2018model,
  title={Model selection and parameter inference in phylogenetics using {Nested Sampling}},
  author={Maturana, Patricio and Brewer, Brendon J and Klaere, Steffen and Bouckaert, Remco},
  journal={arXiv preprint arXiv:1703.05471},
  year={2017}
}

@Misc{mcbette,
  Author = {Bilderbeek, Richèl J C},
  Title  = "\title{mcbette}",
  Note   = "\url{https://github.com/ropensci/mcbette}
           [Accessed: 2019-01-21]",
  year = 2019,
}

@article{meusser2005erad,
  title={ERAD: the long road to destruction},
  author={Meusser, Birgit and Hirsch, Christian and Jarosch, Ernst and Sommer, Thomas},
  journal={Nature cell biology},
  volume={7},
  number={8},
  pages={766--772},
  year={2005},
  publisher={Nature Publishing Group}
}

@Misc{mhcnpreds,
  Author = {Bilderbeek, Richèl J C},
  Title  = "\title{mhcnpreds}",
  Note   = "\url{https://github.com/richelbilderbeek/mhcnpreds}
           [Accessed: 2020-09-02]",
  year = 2020,
}

@Misc{mhcnuggetsr,
  Author = {Bilderbeek, Richèl J C},
  Title  = "\title{mhcnuggetsr}",
  Note   = "\url{https://github.com/richelbilderbeek/mhcnuggetsr}
           [Accessed: 2020-09-02]",
  year = 2020,
}

@article{mitchell2004discrepancies,
  title={Discrepancies in {dbSNP} confirmation rates and allele frequency distributions from varying genotyping error rates and patterns},
  author={Mitchell, Adele A and Zwick, Michael E and Chakravarti, Aravinda and Cutler, David J},
  journal={Bioinformatics},
  volume={20},
  number={7},
  pages={1022--1032},
  year={2004},
  publisher={Oxford University Press}
}

@article{moller2001evaluation,
  title={Evaluation of methods for the prediction of membrane spanning regions},
  author={M{\"o}ller, Steffen and Croning, Michael DR and Apweiler, Rolf},
  journal={Bioinformatics},
  volume={17},
  number={7},
  pages={646--653},
  year={2001},
  publisher={Oxford University Press}
}

@article{musumeci2010single,
  title={Single nucleotide differences ({SNDs}) in the {dbSNP} database may lead to errors in genotyping and haplotyping studies},
  author={Musumeci, Lucia and Arthur, Jonathan W and Cheung, Florence SG and Hoque, Ashraful and Lippman, Scott and Reichardt, Juergen KV},
  journal={Human mutation},
  volume={31},
  number={1},
  pages={67--73},
  year={2010},
  publisher={Wiley Online Library}
}

@article{murrell2015gene,
  title={Gene-wide identification of episodic selection},
  author={Murrell, Ben and Weaver, Steven and Smith, Martin D and Wertheim, Joel O and Murrell, Sasha and Aylward, Anthony and Eren, Kemal and Pollner, Tristan and Martin, Darren P and Smith, Davey M and others},
  journal={Molecular biology and evolution},
  volume={32},
  number={5},
  pages={1365--1371},
  year={2015},
  publisher={Oxford University Press}
}

@article{nesvizhskii2014proteogenomics,
  title={Proteogenomics: concepts, applications and computational strategies},
  author={Nesvizhskii, Alexey I},
  journal={Nature methods},
  volume={11},
  number={11},
  pages={1114},
  year={2014},
  publisher={Nature Publishing Group}
}

@Misc{netmhc2pan,
  Author = {Bilderbeek, Richèl J C},
  Title  = "\title{netmhc2pan}",
  Note   = "\url{https://github.com/richelbilderbeek/netmhc2pan}
           [Accessed: 2019-03-08]",
  year = 2019,
}


@article{nielsen2003reliable,
  title={Reliable prediction of {T-cell} epitopes using neural networks with novel sequence representations},
  author={Nielsen, Morten and Lundegaard, Claus and Worning, Peder and Lauem{\o}ller, Sanne Lise and Lamberth, Kasper and Buus, S{\o}ren and Brunak, S{\o}ren and Lund, Ole},
  journal={Protein Science},
  volume={12},
  number={5},
  pages={1007--1017},
  year={2003},
  publisher={Wiley Online Library}
}

@article{nielsen2008quantitative,
  title={Quantitative predictions of peptide binding to any {HLA-DR} molecule of known sequence: {NetMHCIIpan}},
  author={Nielsen, Morten and Lundegaard, Claus and Blicher, Thomas and Peters, Bjoern and Sette, Alessandro and Justesen, Sune and Buus, S{\o}ren and Lund, Ole},
  journal={PLoS computational biology},
  volume={4},
  number={7},
  year={2008},
  publisher={Public Library of Science}
}

@article{nielsen2004improved,
  title={Improved prediction of {MHC} class {I} and class {II} epitopes using a novel {Gibbs} sampling approach},
  author={Nielsen, Morten and Lundegaard, Claus and Worning, Peder and Hvid, Christina Sylvester and Lamberth, Kasper and Buus, S{\o}ren and Brunak, S{\o}ren and Lund, Ole},
  journal={Bioinformatics},
  volume={20},
  number={9},
  pages={1388--1397},
  year={2004},
  publisher={Oxford University Press}
}

@Misc{nmhc2ppreds,
  Author = {Bilderbeek, Richèl J C},
  Title  = "\title{nmhc2ppreds}",
  Note   = "\url{https://github.com/richelbilderbeek/nmhc2ppreds}
           [Accessed: 2020-09-02]",
  year = 2020,
}

@article{novy2007cd4,
  title={{CD4 T} cells are required for {CD8 T} cell survival during both primary and memory recall responses},
  author={Novy, Patricia and Quigley, Michael and Huang, Xiaopei and Yang, Yiping},
  journal={The Journal of Immunology},
  volume={179},
  number={12},
  pages={8243--8251},
  year={2007},
  publisher={Am Assoc Immnol}
}

@article{oberai2009structural,
  title={Structural imperatives impose diverse evolutionary constraints on helical membrane proteins},
  author={Oberai, Amit and Joh, Nathan H and Pettit, Frank K and Bowie, James U},
  journal={Proceedings of the National Academy of Sciences},
  volume={106},
  number={42},
  pages={17747--17750},
  year={2009},
  publisher={National Acad Sciences}
}

@article{oliveira2015alternative,
  title={Alternative antigen processing for MHC class I: multiple roads lead to Rome},
  author={Oliveira, Cl{\'a}udia C and van Hall, Thorbald},
  journal={Frontiers in immunology},
  volume={6},
  pages={298},
  year={2015},
  publisher={Frontiers}
}

@article{peters1991segregation,
  title={Segregation of MHC class II molecules from MHC class I molecules in the Golgi complex for transport to lysosomal compartments},
  author={Peters, Peter J and Neefjes, Jacques J and Oorschot, Viola and Ploegh, Hidde L and Geuze, Hans J},
  journal={Nature},
  volume={349},
  number={6311},
  pages={669--676},
  year={1991},
  publisher={Nature Publishing Group}
}

@article{petersen2010netturnp,
  title={{NetTurnP}--neural network prediction of beta-turns by use of evolutionary information and predicted protein sequence features},
  author={Petersen, Bent and Lundegaard, Claus and Petersen, Thomas Nordahl},
  journal={PLoS One},
  volume={5},
  number={11},
  year={2010},
  publisher={Public Library of Science}
}

@article{ploegh2007lipid,
  title={A lipid-based model for the creation of an escape hatch from the endoplasmic reticulum},
  author={Ploegh, Hidde L},
  journal={Nature},
  volume={448},
  number={7152},
  pages={435--438},
  year={2007},
  publisher={Nature Publishing Group}
}

@article{preston2017evolving,
  title={The evolving role of ubiquitin modification in endoplasmic reticulum-associated degradation},
  author={Preston, G Michael and Brodsky, Jeffrey L},
  journal={Biochemical Journal},
  volume={474},
  number={4},
  pages={445--469},
  year={2017},
  publisher={Portland Press Ltd.}
}

@Misc{pureseqtmr,
  Author = {Bilderbeek, Richèl J C},
  Title  = "\title{pureseqtmr}",
  Note   = "\url{https://github.com/richelbilderbeek/pureseqtmr}
           [Accessed: 2020-05-19]",
  year = 2020,
}

@article{reich2003quality,
  title={Quality and completeness of SNP databases},
  author={Reich, David E and Gabriel, Stacey B and Altshuler, David},
  journal={Nature genetics},
  volume={33},
  number={4},
  pages={457--458},
  year={2003},
  publisher={Nature Publishing Group}
}

@Article{rentrez,
  title = {{rentrez}: an {R} package for the {NCBI} {eUtils} {API}},
  author = {David J. Winter},
  journal = {The R Journal},
  year = {2017},
  volume = {9},
  issue = {2},
  pages = {520--526},
}

@article{rocha2008mhc,
  title={MHC class II molecules on the move for successful antigen presentation},
  author={Rocha, Nuno and Neefjes, Jacques},
  journal={The EMBO journal},
  volume={27},
  number={1},
  pages={1--5},
  year={2008},
  publisher={John Wiley \& Sons, Ltd Chichester, UK}
}

@article{rock2016present,
  title={Present yourself! By MHC class I and MHC class II molecules},
  author={Rock, Kenneth L and Reits, Eric and Neefjes, Jacques},
  journal={Trends in immunology},
  volume={37},
  number={11},
  pages={724--737},
  year={2016},
  publisher={Elsevier}
}

@article{sachidanandam2001map,
  title={A map of human genome sequence variation containing 1.42 million single nucleotide polymorphisms},
  author={Sachidanandam, Ravi and Weissman, David and Schmidt, Steven C and Kakol, Jerzy M and Stein, Lincoln D and Marth, Gabor and Sherry, Steve and Mullikin, James C and Mortimore, Beverley J and Willey, David L and others},
  journal={Nature},
  volume={409},
  number={6822},
  pages={928--934},
  year={2001},
  publisher={Nature Publishing Group}
}

@article{sander2016lipase,
  title={Lipase Processing of Complex Lipid Antigens},
  author={Sander, Peter and Becker, Katja and Dal Molin, Michael},
  journal={Cell chemical biology},
  volume={23},
  number={9},
  pages={1044--1046},
  year={2016},
  publisher={Elsevier}
}

@article{savina2006nox2,
  title={NOX2 controls phagosomal pH to regulate antigen processing during crosspresentation by dendritic cells},
  author={Savina, Ariel and Jancic, Carolina and Hugues, Stephanie and Guermonprez, Pierre and Vargas, Pablo and Moura, Ivan Cruz and Lennon-Dum{\'e}nil, Ana-Maria and Seabra, Miguel C and Raposo, Gra{\c{c}}a and Amigorena, Sebastian},
  journal={Cell},
  volume={126},
  number={1},
  pages={205--218},
  year={2006},
  publisher={Elsevier}
}

@article{sayers2010database,
  title={Database resources of the national center for biotechnology information},
  author={Sayers, Eric W and Barrett, Tanya and Benson, Dennis A and Bolton, Evan and Bryant, Stephen H and Canese, Kathi and Chetvernin, Vyacheslav and Church, Deanna M and DiCuccio, Michael and Federhen, Scott and others},
  journal={Nucleic acids research},
  volume={39},
  number={suppl\_1},
  pages={D38--D51},
  year={2010},
  publisher={Oxford University Press}
}

@article{scalzitti2020benchmark,
  title={A benchmark study of ab initio gene prediction methods in diverse eukaryotic organisms},
  author={Scalzitti, Nicolas and Jeannin-Girardon, Anne and Collet, Pierre and Poch, Olivier and Thompson, Julie D},
  journal={BMC genomics},
  volume={21},
  number={1},
  pages={1--20},
  year={2020},
  publisher={BioMed Central}
}

@article{schellens2008unanticipated,
  title={An unanticipated lack of consensus cytotoxic {T} lymphocyte epitopes in {HIV-1} databases: the contribution of prediction programs},
  author={Schellens, Ingrid MM and Kesmir, Can and Miedema, Frank and van Baarle, Debbie and Borghans, Jos{\'e} AM},
  journal={Aids},
  volume={22},
  number={1},
  pages={33--37},
  year={2008},
  publisher={LWW}
}

@article{schellens2015comprehensive,
  title={Comprehensive analysis of the naturally processed peptide repertoire: differences between {HLA-A} and {B} in the immunopeptidome},
  author={Schellens, Ingrid MM and Hoof, Ilka and Meiring, Hugo D and Spijkers, Sanne NM and Poelen, Martien CM and van der Poel, Kees and Costa, Ana I and van Els, Cecile ACM and van Baarle, Debbie and Kesmir, Can and others},
  journal={PloS one},
  volume={10},
  number={9},
  pages={e0136417},
  year={2015},
  publisher={Public Library of Science}
}

@article{seemann2014prokka,
  title={Prokka: rapid prokaryotic genome annotation},
  author={Seemann, Torsten},
  journal={Bioinformatics},
  volume={30},
  number={14},
  pages={2068--2069},
  year={2014},
  publisher={Oxford University Press}
}

@article{shao2020high,
  title={High-Throughput Prediction of {MHC} Class {I} and {II} Neoantigens with {MHCnuggets}},
  author={Shao, Xiaoshan M and Bhattacharya, Rohit and Huang, Justin and Sivakumar, IK Ashok and Tokheim, Collin and Zheng, Lily and Hirsch, Dylan and Kaminow, Benjamin and Omdahl, Ashton and Bonsack, Maria and others},
  journal={Cancer Immunology Research},
  volume={8},
  number={3},
  pages={396--408},
  year={2020},
  publisher={AACR}
}

@article{sherry2001dbsnp,
  title={{dbSNP}: the NCBI database of genetic variation},
  author={Sherry, Stephen T and Ward, M-H and Kholodov, M and Baker, J and Phan, Lon and Smigielski, Elizabeth M and Sirotkin, Karl},
  journal={Nucleic acids research},
  volume={29},
  number={1},
  pages={308--311},
  year={2001},
  publisher={Oxford University Press}
}

@article{shen2004stability,
  title={Stability and dynamics of crystals and glasses of motorized particles},
  author={Shen, Tongye and Wolynes, Peter G},
  journal={Proceedings of the National Academy of Sciences},
  volume={101},
  number={23},
  pages={8547--8550},
  year={2004},
  publisher={National Acad Sciences}
}

@article{shu2017gisaid,
  title={{GISAID}: Global initiative on sharing all influenza data--from vision to reality},
  author={Shu, Yuelong and McCauley, John},
  journal={Eurosurveillance},
  volume={22},
  number={13},
  pages={30494},
  year={2017},
  publisher={European Centre for Disease Prevention and Control}
}

@article{sommer2005importance,
  title={The importance of immune gene variability ({MHC}) in evolutionary ecology and conservation},
  author={Sommer, Simone},
  journal={Frontiers in zoology},
  volume={2},
  number={1},
  pages={1--18},
  year={2005},
  publisher={BioMed Central}
}

@inproceedings{sonnhammer1998hidden,
  title={A hidden {Markov} model for predicting transmembrane helices in protein sequences.},
  author={Sonnhammer, Erik LL and Von Heijne, Gunnar and Krogh, Anders and others},
  booktitle={Ismb},
  volume={6},
  pages={175--182},
  year={1998}
}
@article{sette1999,
title={Nine major HLA class I supertypes account for the vast preponderance of HLA-A and -B polymorphism.},
journal={Immunogenetics},
author={Sette, A. and Sidney, J.},
volume={50},
pages={201--212},
year={1999}
}

@article{sette1994relationship,
  title={The relationship between class {I} binding affinity and immunogenicity of potential cytotoxic {T} cell epitopes.},
  author={Sette, Alessandro and Vitiello, Antonella and Reherman, Barbara and Fowler, Patricia and Nayersina, Ramin and Kast, W Martin and Melief, CJ and Oseroff, Carla and Yuan, Lunli and Ruppert, Jorg and others},
  journal={The Journal of Immunology},
  volume={153},
  number={12},
  pages={5586--5592},
  year={1994},
  publisher={Am Assoc Immnol}
}

@article{stevens2001substitution,
  title={Substitution rates in $\alpha$-helical transmembrane proteins},
  author={Stevens, Timothy J and Arkin, Isaiah T},
  journal={Protein Science},
  volume={10},
  number={12},
  pages={2507--2517},
  year={2001},
  publisher={Wiley Online Library}
}

@article{southwood1998several,
  title={Several common {HLA-DR} types share largely overlapping peptide binding repertoires},
  author={Southwood, Scott and Sidney, John and Kondo, Akihiro and del Guercio, Marie-France and Appella, Ettore and Hoffman, Stephen and Kubo, Ralph T and Chesnut, Robert W and Grey, Howard M and Sette, Alessandro},
  journal={The Journal of Immunology},
  volume={160},
  number={7},
  pages={3363--3373},
  year={1998},
  publisher={Am Assoc Immnol}
}

@Misc{sprentrez,
  Author = {Bilderbeek, Richèl J C},
  Title  = "\title{sprentrez}",
  Note   = "\url{https://github.com/richelbilderbeek/sprentrez}
           [Accessed: 2021-02-09]",
  year = 2021,
}

@article{tang2011genome,
  title={Genome-based in silico identification of new {Mycobacterium} tuberculosis antigens activating polyfunctional {CD8+ T} cells in human tuberculosis},
  author={Tang, Sheila T and van Meijgaarden, Krista E and Caccamo, Nadia and Guggino, Giuliana and Klein, Mich{\`e}l R and van Weeren, Pascale and Kazi, Fatima and Stryhn, Anette and Zaigler, Alexander and Sahin, Ugur and others},
  journal={The Journal of Immunology},
  volume={186},
  number={2},
  pages={1068--1080},
  year={2011},
  publisher={Am Assoc Immnol}
}

@article{thompson1994clustal,
  title={CLUSTAL W: improving the sensitivity of progressive multiple sequence alignment through sequence weighting, position-specific gap penalties and weight matrix choice},
  author={Thompson, Julie D and Higgins, Desmond G and Gibson, Toby J},
  journal={Nucleic acids research},
  volume={22},
  number={22},
  pages={4673--4680},
  year={1994},
  publisher={Oxford University Press}
}

@Misc{tmhmm,
  Author = {Bilderbeek, Richèl J C},
  Title  = "\title{tmhmm}",
  Note   = "\url{https://github.com/richelbilderbeek/tmhmm}
           [Accessed: 2019-03-08]",
  year = 2019,
}



@article{trolle2014nettepi,
  title={{NetTepi}: an integrated method for the prediction of {T} cell epitopes},
  author={Trolle, Thomas and Nielsen, Morten},
  journal={Immunogenetics},
  volume={66},
  number={7-8},
  pages={449--456},
  year={2014},
  publisher={Springer}
}

@article{velazquez2020positive,
  title={Positive selection of {ORF3a} and {ORF8} genes drives the evolution of {SARS-CoV-2} during the 2020 {COVID-19} pandemic},
  author={Velazquez-Salinas, Lauro and Zarate, Selene and Eberl, Samantha and Gladue, Douglas P and Novella, Isabel and Borca, Manuel V},
  journal={bioRxiv},
  year={2020},
  publisher={Cold Spring Harbor Laboratory}
}

@article{vita2019immune,
  title={The immune epitope database (IEDB): 2018 update},
  author={Vita, Randi and Mahajan, Swapnil and Overton, James A and Dhanda, Sandeep Kumar and Martini, Sheridan and Cantrell, Jason R and Wheeler, Daniel K and Sette, Alessandro and Peters, Bjoern},
  journal={Nucleic acids research},
  volume={47},
  number={D1},
  pages={D339--D343},
  year={2019},
  publisher={Oxford University Press}
}

@article{wang2019efficient,
  title={{PureseqTM}: efficient and accurate prediction of transmembrane topology from amino acid sequence only},
  author={Wang, Qing and Ni, Chongming and Li, Zhen and Li, Xiufeng and Han, Renmin and Zhao, Feng and Xu, Jinbo and Gao, Xin and Wang, Sheng},
  journal={bioRxiv},
  pages={627307},
  year={2019},
  publisher={Cold Spring Harbor Laboratory}
}

@article{whelan2001general,
  title={A general empirical model of protein evolution derived from multiple protein families using a maximum-likelihood approach},
  author={Whelan, Simon and Goldman, Nick},
  journal={Molecular biology and evolution},
  volume={18},
  number={5},
  pages={691--699},
  year={2001},
  publisher={Oxford University Press}
}

@article{wu2020new,
  title={A new coronavirus associated with human respiratory disease in {China}},
  author={Wu, Fan and Zhao, Su and Yu, Bin and Chen, Yan-Mei and Wang, Wen and Song, Zhi-Gang and Hu, Yi and Tao, Zhao-Wu and Tian, Jun-Hua and Pei, Yuan-Yuan and others},
  journal={Nature},
  volume={579},
  number={7798},
  pages={265--269},
  year={2020},
  publisher={Nature Publishing Group}
}

@article{yang2000statistical,
  title={Statistical methods for detecting molecular adaptation},
  author={Yang, Ziheng and Bielawski, Joseph P},
  journal={Trends in ecology \& evolution},
  volume={15},
  number={12},
  pages={496--503},
  year={2000},
  publisher={Elsevier}
}

@article{yewdell1996defective,
  title={Defective ribosomal products ({DRiPs}): a major source of antigenic peptides for {MHC} class {I} molecules?},
  author={Yewdell, Jonathan W and Ant{\'o}n, Luis C and Bennink, Jack R},
  journal={The Journal of Immunology},
  volume={157},
  number={5},
  pages={1823--1826},
  year={1996},
  publisher={Am Assoc Immnol}
}

@article{yewdell2011drips,
  title={DRiPs solidify: progress in understanding endogenous MHC class I antigen processing},
  author={Yewdell, Jonathan W},
  journal={Trends in immunology},
  volume={32},
  number={11},
  pages={548--558},
  year={2011},
  publisher={Elsevier}
}

@inproceedings{zhang2013predicting,
  title={Predicting immunogenic {T-cell} epitopes by combining various sequence-derived features},
  author={Zhang, Wen and Liu, Juan and Xiong, Yi and Ke, Meng and Zhang, Ke},
  booktitle={2013 IEEE International Conference on Bioinformatics and Biomedicine},
  pages={4--9},
  year={2013},
  organization={IEEE}
}

@article{zhang2015accurate,
  title={Accurate prediction of immunogenic {T-cell} epitopes from epitope sequences using the genetic algorithm-based ensemble learning},
  author={Zhang, Wen and Niu, Yanqing and Zou, Hua and Luo, Longqiang and Liu, Qianchao and Wu, Weijian},
  journal={PloS one},
  volume={10},
  number={5},
  year={2015},
  publisher={Public Library of Science}
}

@article{zhang2019vgas,
  title={{Vgas}: A Viral Genome Annotation System},
  author={Zhang, Kai-Yue and Gao, Yi-Zhou and Du, Meng-Ze and Liu, Shuo and Dong, Chuan and Guo, Feng-Biao},
  journal={Frontiers in microbiology},
  volume={10},
  pages={184},
  year={2019},
  publisher={Frontiers}
}

@article{zwart2005spatial,
  title={Spatial separation of HLA-DM/HLA-DR interactions within MIIC and phagosome-induced immune escape},
  author={Zwart, Wilbert and Griekspoor, Alexander and Kuijl, Coenraad and Marsman, Marije and van Rheenen, Jacco and Janssen, Hans and Calafat, Jero and van Ham, Marieke and Janssen, Lennert and van Lith, Marcel and others},
  journal={Immunity},
  volume={22},
  number={2},
  pages={221--233},
  year={2005},
  publisher={Elsevier}
}
